
@online{link1,
  author = {Various Authors},
  title = {Counter-example: any algebraic extension is finite},
  year = 2017,
  url = {https://math.stackexchange.com/questions/2455932/counter-example-any-algebraic-extension-is-finite/2455980#2455980
},
  urldate = {2017-10-2}
}

@online{link2,
	author = {Various Authors},
	title = {Confusion about the proof that the multiplicative group of a finite field is cyclic},
	year = 2017,
	url = {https://math.stackexchange.com/questions/1434065/confusion-about-the-proof-that-the-multiplicative-group-of-a-finite-field-is-cyc?rq=1
	},
	urldate = {2017-10-13}
}

@online{link3,
	author = {Keith Konrad},
	title = {Roots and Irreducibles,
	year = 2017,
	url = {http://www.math.uconn.edu/~kconrad/blurbs/galoistheory/rootirred.pdf
	},
	urldate = {2017-10-13}
}

@online{link3,
author = {Various authors},
title = {Necessary and sufﬁcient conditions on m and n for FpnFpn to have a subﬁeld isomorphic with FpmFpm. ,
year = 2017,
url = {https://math.stackexchange.com/questions/2304209/necessary-and-suf%EF%AC%81cient-conditions-on-m-and-n-for-bbb-f-pn-to-have-a-sub%EF%AC%81e
},
urldate = {2017-10-13}
}

@online{link4,
author = {Various authors},
title = {Is the sub-field of algebraic elements of a field extension of K containing roots of polynomials over K algebraically closed?,
year = 2017,
url = {https://math.stackexchange.com/questions/27647/is-the-sub-field-of-algebraic-elements-of-a-field-extension-of-k-containing-ro
},
urldate = {2017-10-13}
}

@online{link5,
author = {Various authors},
title = {Extending Homomorphism into Algebraically Closed Field,
year = 2017,
url = {https://math.stackexchange.com/questions/897660/extending-homomorphism-into-algebraically-closed-field
},
urldate = {2017-10-13}
}

@book{algebra-lang,
	author    = "Serge Lang",
	title     = "Algebra",
	year      = "2002",
	publisher = "Springer",
}

@book{counting-irreducible,
	author    = "Sunil K. Chebolu,Jan Minac",
	title     = "Counting irreducible polynomials over finite fields using the inclusion-exclusion principle",
	year      = "2011",
	publisher = "",
}

